<?xml version="1.0" encoding="UTF-8"?><collection xmlns="http://www.loc.gov/MARC21/slim"><record><leader>00582nam--2200205-i-4500</leader><controlfield tag="001">000001986</controlfield><controlfield tag="002">20161230</controlfield><controlfield tag="005">20161230201024</controlfield><controlfield tag="008">060222s1000------------r-----000-0-rus-d</controlfield><datafield ind1=" " ind2=" " tag="040"><subfield code="a">IFIN-HH</subfield></datafield><datafield ind1=" " ind2=" " tag="041"><subfield code="a">rus</subfield></datafield><datafield ind1=" " ind2=" " tag="080"><subfield code="a">546.3:538.9</subfield></datafield><datafield ind1="1" ind2=" " tag="100"><subfield code="a">Hauffe, Karl</subfield></datafield><datafield ind1="1" ind2="0" tag="245"><subfield code="a">Reaktii v tverdih telah i na ih poverhnosti</subfield><subfield code="c">Karl hauffe</subfield></datafield><datafield ind1=" " ind2=" " tag="260"><subfield code="a">Moskva</subfield><subfield code="b">Inistrannoi Litaraturi</subfield><subfield code="c">1962</subfield></datafield><datafield ind1=" " ind2=" " tag="300"><subfield code="a">2 VOL</subfield></datafield><datafield ind1=" " ind2=" " tag="500"><subfield code="a">Titlul Original In Limba Germana: Reaktionen In Und An Festen Stoffen</subfield></datafield><datafield ind1="1" ind2=" " tag="787"><subfield code="a">Ceasti Ii</subfield><subfield code="h">275p</subfield></datafield><datafield ind1=" " ind2=" " tag="852"><subfield code="a">8100</subfield><subfield code="c">539.2</subfield></datafield><datafield ind1=" " ind2=" " tag="CAT"><subfield code="a">Sys</subfield><subfield code="c">20120718</subfield><subfield code="h">153737</subfield></datafield></record></collection>